@article{scikit-learn,
	title={Scikit-learn: Machine Learning in {P}ython},
	author={Pedregosa, F. and Varoquaux, G. and Gramfort, A. and Michel, V.
		and Thirion, B. and Grisel, O. and Blondel, M. and Prettenhofer, P.
		and Weiss, R. and Dubourg, V. and Vanderplas, J. and Passos, A. and
		Cournapeau, D. and Brucher, M. and Perrot, M. and Duchesnay, E.},
	journal={Journal of Machine Learning Research},
	volume={12},
	pages={2825--2830},
	year={2011}
}

@article{ensemble-lit1,
	title={Ensembles of Classifiers for Morphological Galaxy Classification},
	author={D. Bazell,David W. Aha},
	journal={The Astrophysical Journal},
	year={2001}
}

@article{ensemble-lit2,
	title={Popular Ensemble Methods: An Empirical Study},
	author={D. Opitz,R. Maclin},
	year={1999}
}

@article{ensemble-lit3,
	title={Bagging predictors},
	author={Leo Breiman},
	year={1996}
}

@article{ensemble-lit4,
	title={An Empirical Comparison of Voting Classification Algorithms: Bagging, Boosting, and Variants},
	author={Eric Bauer, Ron Kohavi},
	year={1999}
}

@article{ensemble-lit5,
	title={Popular Ensemble Methods: An Empirical Study},
	author={D. Opitz, R. Maclin},
	year={1999}
}


@article{ensemble-lit6,
	title={Ensemble Methods in Machine Learning},
	author={Thomas G. Dietterich},
	year={2000}
}


@book{Mitchell,
	author = {Tom M. Mitchell},
	title = {Machine Learning},
	date = {1997},
}

@online{chiSqWiki,
	author = {Wikipedia},
	title = {Binomial distribution},
	date = {23 February 2020},
	url = {https://en.wikipedia.org/wiki/Chi-squared_test},
	OPTorganization = {Wikipedia},
	OPTurldate = {March 30, 2020},
}

@online{binomialWiki,
	author = {Wikipedia},
	title = {Chi-squared test},
	date = {March 1, 2020},
	url = {https://en.wikipedia.org/wiki/Binomial_distribution},
	OPTorganization = {Wikipedia},
	OPTurldate = {March 5, 2020},
}

@inproceedings{khasawneh2017rhmd,
	title={RHMD: evasion-resilient hardware malware detectors},
	author={Khasawneh, Khaled N and Abu-Ghazaleh, Nael and Ponomarev, Dmitry and Yu, Lei},
	booktitle={Proceedings of the 50th Annual IEEE/ACM International Symposium on Microarchitecture},
	pages={315--327},
	year={2017}
}

@online{timeit,
	author = {The Python Software Foundation},
	title = {The Python Standard Library},
	date = {7 January 2020},
	url = {https://docs.python.org/2/library/timeit.html},
	OPTsubtitle = {timeit},
}

@book{murphy2012machine,
  title={Machine learning: a probabilistic perspective},
  author={Murphy, Kevin P},
  year={2012},
  publisher={MIT press}
}

<<<<<<< HEAD
@book{Goodfellow-et-al-2016,
    title={Deep Learning},
    author={Ian Goodfellow and Yoshua Bengio and Aaron Courville},
    publisher={MIT Press},
    note={\url{http://www.deeplearningbook.org}},
    year={2016}
}

@article{kingma2014adam,
  title={Adam: A method for stochastic optimization},
  author={Kingma, Diederik P and Ba, Jimmy},
  journal={arXiv preprint arXiv:1412.6980},
  year={2014}
  }

@online{pcaWiki,
	author = {Wikipedia},
	title = {Principal component analysis},
	date = {22 April 2020},
	url = {https://en.wikipedia.org/wiki/Principal_component_analysis},
	OPTorganization = {Wikipedia},
	OPTurldate = {22 Arpril 2020},
}

@online{pcaTDS,
	author = {Matt Brems},
	title = {A One-Stop Shop for Principal Component Analysis},
	date = {17 April 2017},
	url = {https://towardsdatascience.com/a-one-stop-shop-for-principal-component-analysis-5582fb7e0a9c},
	organization = {Towards Data Science}
	urldate = {22 April 2020},

}

@online{Raschka,
	author = {Sebastian Raschka},
	title = {Model Evaluation, Model Selection, and Algorithm Selection in Machine Learning},
	date = {November 2018},
	organization = {University of Wisconsin-Madison}
}
